@online{AHF,
  author    = "Atomic Heritage Foundation",
  title     = "Computing and the Manhattan Project",
  url       = "https://www.atomicheritage.org/history/computing-and-manhattan-project",
  keywords  = "Manhattan Projekt, Monte Carlo",
  year      = "2014"
}
 
@article{SBM,
  author    = "Daniel Kjær",
  title     = "Sandsynlighedsbaserede metoder [Monte Carlo-metoden]",
  year      = "2013",
  publisher = "Famøs"
}

@article{SP,
  author = "Svend-Erik Graversen",
  title  = "Forelæsningsnoter til Stokastiske Processer E05",
  year   = "2005"
}

@book{SC,
  author    = "Nitschky Schmidt Vestergaard",
  title     = "Statistik C",
  publisher = "Systime",
  year      = "2008"
}

@online{BS,
  author = "toptal",
  title = "Dubble Sort"
}

@article{NM,
  title  = "Note om Monte Carlo metoden",
  year   = "2014",
  author = "Kasper K. Berthelsen"
}

@online{MSD,
  title  = "Manhattanprojektet",
  url    = "http://denstoredanske.dk/index.php?sideId=121576",
  author = "Povl Lebeck Ølgaard",
  year   = "2017"
}

@article{ML,
  title  = "Particle Filters in Robotics",
  author = "Sebastian Thrun",
  year   = "2002"
}